@misc{ana,
  title = {Template matching},
  url = {https://docs.opencv.org/4.x/de/da9/tutorial_template_matching.html},
  journal = {OpenCV},
  author = {Huaman, Ana},
  year = {2023},
} 
